@MISC{Watts:ItS,
    author={Valerie Watts},
    title={Introduction to Statistics. An Excel-Based Approach},
    url={https://ecampusontario.pressbooks.pub/introstats/}
}

@MISC{yandex:book,
    author={Федотов Станислав and Синицин Филипп},
    title={Учебник по машинному обучению},
    url={https://academy.yandex.ru/handbook/ml}
}

@BOOK{ASDF,
    author={Leh Valenca},
    title={a ne},
    year=225
}
